<?xml version="1.0" encoding="UTF-8"?><record xmlns="http://www.loc.gov/MARC21/slim" xmlns:cinclude="http://apache.org/cocoon/include/1.0" xmlns:zs="http://www.loc.gov/zing/srw/">
  <leader>00444nz  a2200133n  4500</leader>
  <controlfield tag="001">no2007019384</controlfield>
  <controlfield tag="003">DLC</controlfield>
  <controlfield tag="005">20070222075326.0</controlfield>
  <controlfield tag="008">070208n| acannaabn          |n aaa     c</controlfield>
  <datafield tag="010" ind1=" " ind2=" ">
    <subfield code="a">no2007019384</subfield>
  </datafield>
  <datafield tag="035" ind1=" " ind2=" ">
    <subfield code="a">(OCoLC)oca07333282</subfield>
  </datafield>
  <datafield tag="040" ind1=" " ind2=" ">
    <subfield code="a">NjP</subfield>
    <subfield code="b">eng</subfield>
    <subfield code="c">NjP</subfield>
  </datafield>
  <datafield tag="100" ind1="1" ind2=" ">
    <subfield code="a">Valitov, Nail,</subfield>
    <subfield code="d">1953-</subfield>
  </datafield>
  <datafield tag="670" ind1=" " ind2=" ">
    <subfield code="a">Arkaidm i Ufimskiĭ kraĭ - svi︠a︡zʹ vremën, 2004:</subfield>
    <subfield code="b">t.p. (Valitov Nail [in indirect ord.]) p. 18 (Valitov Nail Faskhutdinovich ; b. 1953)</subfield>
  </datafield>
</record>